<record><leader>00000cas a22000007a 4500</leader><controlfield tag="001">34001716</controlfield><controlfield tag="008">960108c19689999meusr ne      0   a0eng c</controlfield><datafield ind1=" " ind2=" " tag="010"><subfield code="a">sn 95068015 </subfield></datafield><datafield ind1=" " ind2=" " tag="040"><subfield code="a">MBN</subfield><subfield code="b">eng</subfield><subfield code="c">MBN</subfield><subfield code="d">NSD</subfield><subfield code="d">MBN</subfield><subfield code="d">OCLCQ</subfield><subfield code="d">OCLCF</subfield><subfield code="d">OCLCO</subfield></datafield><datafield ind1=" " ind2=" " tag="012"><subfield code="l">1</subfield></datafield><datafield ind1="0" ind2=" " tag="022"><subfield code="a">1521-1266</subfield><subfield code="l">1521-1266</subfield><subfield code="2">1</subfield></datafield><datafield ind1="1" ind2=" " tag="029"><subfield code="a">AU@</subfield><subfield code="b">000025890580</subfield></datafield><datafield ind1=" " ind2=" " tag="037"><subfield code="b">Edward French, P.O. Box 213, Eastport, ME 04631</subfield></datafield><datafield ind1=" " ind2=" " tag="042"><subfield code="a">nsdp</subfield><subfield code="a">pcc</subfield></datafield><datafield ind1="0" ind2=" " tag="210"><subfield code="a">Quoddy tides</subfield></datafield><datafield ind1=" " ind2="4" tag="222"><subfield code="a">The Quoddy tides</subfield></datafield><datafield ind1="0" ind2="4" tag="245"><subfield code="a">The Quoddy tides.</subfield></datafield><datafield ind1=" " ind2=" " tag="260"><subfield code="a">Eastport, Me. :</subfield><subfield code="b">[s.n.]</subfield></datafield><datafield ind1=" " ind2=" " tag="300"><subfield code="a">v.</subfield></datafield><datafield ind1=" " ind2=" " tag="310"><subfield code="a">Semimonthly</subfield></datafield><datafield ind1="0" ind2=" " tag="362"><subfield code="a">Vol. 1, no. 1 (Nov. 29, 1968)-</subfield></datafield><datafield ind1=" " ind2=" " tag="500"><subfield code="a">Editor: Mrs. Winifred French.</subfield></datafield><datafield ind1=" " ind2="0" tag="651"><subfield code="a">Eastport (Me.)</subfield><subfield code="v">Newspapers.</subfield></datafield><datafield ind1=" " ind2="7" tag="655"><subfield code="a">Newspapers.</subfield><subfield code="2">fast</subfield><subfield code="0">(OCoLC)fst01423814</subfield></datafield><datafield ind1=" " ind2="7" tag="651"><subfield code="a">Maine</subfield><subfield code="z">Eastport.</subfield><subfield code="2">fast</subfield><subfield code="0">(OCoLC)fst01226504</subfield></datafield><datafield ind1=" " ind2=" " tag="752"><subfield code="a">United States</subfield><subfield code="b">Maine</subfield><subfield code="c">Washington</subfield><subfield code="d">Eastport.</subfield></datafield><datafield ind1=" " ind2=" " tag="936"><subfield code="a">Vol. 30, no. 14 (Jun. 12, 1998) LIC</subfield></datafield></record>